@book{HowMusicGotFree,
  author    = {Stephen Witt},
  title     = {How Music got Free},
  publisher = {Vintage Publishing},
  year      = {2015},
  isbn      = {9780099590071}
}

@article{biddledid,
  title  = {DID SPOTIFY SAVE THE MUSIC INDUSTRY?},
  author = {BIDDLE, JACK}
}
@article{dong2022valueofmusic,
  title  = {The value of music in the streaming dominated era: a binary consumer \& artist analysis},
  author = {Dong, Yifan},
  year   = {2022},
  url    = {https://www.theseus.fi/bitstream/handle/10024/751005/Dong_Yifan.pdf}
}
@article{dang2012streaming,
  title   = {Are streaming and other music consumption modes substitutes or complements?},
  author  = {Dang Nguyen, Godefroy and Dejean, Sylvain and Moreau, Fran{\c{c}}ois},
  journal = {Sylvain and Moreau, Fran{\c{c}}ois, Are Streaming and Other Music Consumption Modes Substitutes or Complements},
  year    = {2012}
}
@article{bhoot2017music,
  title  = {Music Industry Sales: How streaming services such as Spotify, Apple Music and TIDAL affect album sales},
  author = {Bhoot, Gurpreet},
  year   = {2017}
}
@article{bartmanski2018vinyl,
  title     = {Vinyl record: A cultural icon},
  author    = {Bartmanski, Dominik and Woodward, Ian},
  journal   = {Consumption Markets \& Culture},
  volume    = {21},
  number    = {2},
  pages     = {171--177},
  year      = {2018},
  publisher = {Taylor \& Francis}
}
@article{schauman2021crafting,
  title     = {Crafting customer insight: What we can learn from the revival of the vinyl record},
  author    = {Schauman, Sebastian and Heinonen, Kristina and Holmlund, Maria},
  journal   = {Business Horizons},
  volume    = {64},
  number    = {2},
  pages     = {261--271},
  year      = {2021},
  publisher = {Elsevier}
}

@article{sarpong2016vinyl,
  title     = {'Vinyl never say die': The re-incarnation, adoption and diffusion of retro-technologies},
  author    = {Sarpong, David and Dong, Shi and Appiah, Gloria},
  journal   = {Technological Forecasting and Social Change},
  volume    = {103},
  pages     = {109--118},
  year      = {2016},
  publisher = {Elsevier}
}

@article{year_end_2022_RIAA_revenue_statistics,
  author          = {Joshua P. Friedlander},
  title           = {YEAR-END 2022 RIAA REVENUE STATISTICS},
  year            = {2023},
  url             = {https://www.riaa.com/wp-content/uploads/2023/03/2022-Year-End-Music-Industry-Revenue-Report.pdf}
}

@techreport{kolz1974frequency,
  title       = {Frequency Response Measurements for Cassette Tape Players},
  author      = {Kolz, AL and Johnson, Richard E},
  year        = {1974},
  institution = {AIR FORCE WEAPONS LAB KIRTLAND AFB NM}
}

@article{van1970audio,
  title   = {Audio tape cassettes},
  author  = {van der Lely, P and Missriegler, G},
  journal = {Philips Tech. Rev},
  volume  = {3},
  pages   = {77},
  year    = {1970},
  url     = {https://www.musicaememoria.com/docs/PTechReview-31-1970-077.pdf}
}
@book{lansky2004importance,
  title     = {The Importance of Being Digital},
  author    = {Lansky, Paul},
  year      = {2004},
  publisher = {TART Foundation and Gaudeamus Foundation},
  url = {https://paul.mycpanel.princeton.edu/lansky_beingdigital.pdf},

}
@article{hesmondhalgh2021music,
  title     = {Is music streaming bad for musicians? Problems of evidence and argument},
  author    = {Hesmondhalgh, David},
  journal   = {New Media \& Society},
  volume    = {23},
  number    = {12},
  pages     = {3593--3615},
  year      = {2021},
  publisher = {SAGE Publications Sage UK: London, England},
  url       = {https://journals.sagepub.com/doi/pdf/10.1177/1461444820953541}
}
@inproceedings{anderson2020algorithmic,
  title     = {Algorithmic effects on the diversity of consumption on spotify},
  author    = {Anderson, Ashton and Maystre, Lucas and Anderson, Ian and Mehrotra, Rishabh and Lalmas, Mounia},
  booktitle = {Proceedings of The Web Conference 2020},
  pages     = {2155--2165},
  year      = {2020},
  url       = {http://www.cs.toronto.edu/~ashton/pubs/alg-effects-spotify-www2020.pdf}
}
@misc{mulligan2022marketshares,
  title        = {Music subscriber market shares 2022},
  author       = {Mulligan, Mark},
  year         = {2022},
  url          = {https://www.midiaresearch.com/blog/music-subscriber-market-shares-2022}
}
@online{historyofphonograph,
  author           = {{Library of Congress}},
  title           = {History of the Cylinder Phonograph},
  url             = {https://www.loc.gov/collections/edison-company-motion-pictures-and-sound-recordings/articles-and-essays/history-of-edison-sound-recordings/history-of-the-cylinder-phonograph/#},
  year            = {2023},
  urldate         = {2023-06-06},
}

@article{bottomley2015home,
  title     = {'Home taping is killing music': the recording industries' 1980s anti-home taping campaigns and struggles over production, labor and creativity},
  author    = {Bottomley, Andrew J},
  journal   = {Creative Industries Journal},
  volume    = {8},
  number    = {2},
  pages     = {123--145},
  year      = {2015},
  publisher = {Taylor \& Francis},
  url       = {https://static1.squarespace.com/static/5ceecca870293e000102ee6c/t/5ed6dd6b4ab33c4a5a4710d9/1591139691574/Bottomley_HomeTapingIsKillingMusic_2015.pdf}
}

@online{richter2022compactdisc,
  title     = {The Rise and Fall of the Compact Disc},
  author    = {Richter, Felix},
  year      = {2022},
  url       = {https://www.statista.com/chart/12950/cd-sales-in-the-us/},
  urldate   = {2023-06-07},
}
@online{riaa2022salesdatabase,
  title     = {U.S. Recorded Music Revenues by Format},
  author    = {RIAA},
  year      = {2022},
  url       = {https://www.riaa.com/u-s-sales-database/},
  urldate   = {2023-06-07},
}
@article{chen2010itunes,
  title           = {April 28, 2003: Apple Opens iTunes Store},
  author          = {Chen, Brian X},
  year            = {2010},
  url             = {https://www.wired.com/2010/04/0428itunes-music-store-opens/},
  urldate         = {2023-06-07},
}
